@article{reissig2016feedback,
  title={Feedback refinement relations for the synthesis of symbolic controllers},
  author={Reissig, Gunther and Weber, Alexander and Rungger, Matthias},
  journal={IEEE Transactions on Automatic Control},
  volume={62},
  number={4},
  pages={1781--1796},
  year={2016},
  publisher={IEEE},
  doi={10.1109/CDC.2014.7039364}
}

@article{aastrom2007feedback,
  title={Feedback systems},
  author={{\AA}str{\"o}m, Karl Johan and Murray, Richard M},
  journal={An Introduction for Scientists and Engineers, Karl Johan Astr{\"o}m and Richard M Murray},
  pages={27--64},
  year={2007},
  publisher={Citeseer}
}
